% Put you own bibliography entries in this file
@misc{pogitlab-repo,
  title = {{The pogitlab package git repository}},
  howpublished = "\url{https://gitlab.cern.ch/atlas-physics-office/gitlab-integration}"
}
